<record><leader>00000cas a22000007a 4500</leader><controlfield tag="001">17756953</controlfield><controlfield tag="008">880408d18411856mouwr ne      0    0eng d</controlfield><datafield ind1=" " ind2=" " tag="010"><subfield code="a">sn 88086128 </subfield></datafield><datafield ind1=" " ind2=" " tag="040"><subfield code="a">NPV</subfield><subfield code="b">eng</subfield><subfield code="c">NPV</subfield><subfield code="d">MQN</subfield><subfield code="d">OCLCQ</subfield></datafield><datafield ind1=" " ind2=" " tag="042"><subfield code="a">msc</subfield></datafield><datafield ind1="0" ind2="4" tag="245"><subfield code="a">The Missouri whig.</subfield></datafield><datafield ind1="1" ind2="3" tag="246"><subfield code="a">Whig</subfield></datafield><datafield ind1=" " ind2=" " tag="260"><subfield code="a">Palmyra, Mo. :</subfield><subfield code="b">Jacob Sosey,</subfield><subfield code="c">1841-1856.</subfield></datafield><datafield ind1=" " ind2=" " tag="300"><subfield code="a">v.</subfield></datafield><datafield ind1=" " ind2=" " tag="310"><subfield code="a">Weekly</subfield></datafield><datafield ind1="0" ind2=" " tag="362"><subfield code="a">Vol. 3, no. 19 (Dec. 4, 1841)-v. 17, no. 42 (Apr. 24, 1856).</subfield></datafield><datafield ind1=" " ind2=" " tag="752"><subfield code="a">United States</subfield><subfield code="b">Missouri</subfield><subfield code="c">Marion</subfield><subfield code="d">Palmyra.</subfield></datafield><datafield ind1="0" ind2="0" tag="780"><subfield code="t">Missouri whig and general advertiser</subfield><subfield code="w">(DLC)sn 84020123</subfield></datafield><datafield ind1="0" ind2="0" tag="785"><subfield code="t">Palmyra weekly whig</subfield><subfield code="w">(DLC)sn 89067570</subfield></datafield></record>